@article{lattimore2024bandit,
  title={Bandit convex optimisation},
  author={Lattimore, Tor},
  journal={arXiv preprint arXiv:2402.06535},
  year={2024}
}